@article{Chatrchyan:2013zja,
      author         = "Chatrchyan, Serguei and others",
      title          = "{Measurement of the cross section and angular
                        correlations for associated production of a Z boson with b
                        hadrons in pp collisions at $\sqrt{s} =$ 7 TeV}",
      collaboration  = "CMS",
      journal        = "JHEP",
      volume         = "12",
      year           = "2013",
      pages          = "039",
      doi            = "10.1007/JHEP12(2013)039",
      eprint         = "1310.1349",
      archivePrefix  = "arXiv",
      primaryClass   = "hep-ex",
      reportNumber   = "CMS-EWK-11-015, CERN-PH-EP-2013-153",
      SLACcitation   = "%%CITATION = ARXIV:1310.1349;%%"
}
@article{Collins:1978wz,
      author         = "Collins, John C. and Wilczek, Frank and Zee, A.",
      title          = "{Low-Energy Manifestations of Heavy Particles:
                        Application to the Neutral Current}",
      journal        = "Phys. Rev.",
      volume         = "D18",
      year           = "1978",
      pages          = "242",
      doi            = "10.1103/PhysRevD.18.242",
      reportNumber   = "COO-2220-127",
      SLACcitation   = "%%CITATION = PHRVA,D18,242;%%"
}

@article{Han:2014nja,
      author         = "Han, Tao and Sayre, Joshua and Westhoff, Susanne",
      title          = "{Top-Quark Initiated Processes at High-Energy Hadron
                        Colliders}",
      journal        = "JHEP",
      volume         = "04",
      year           = "2015",
      pages          = "145",
      doi            = "10.1007/JHEP04(2015)145",
      eprint         = "1411.2588",
      archivePrefix  = "arXiv",
      primaryClass   = "hep-ph",
      reportNumber   = "PITT-PACC-1405",
      SLACcitation   = "%%CITATION = ARXIV:1411.2588;%%"
}
@article{Dittmaier:2011ti,
      author         = "Dittmaier, S. and others",
      title          = "{Handbook of LHC Higgs Cross Sections: 1. Inclusive
                        Observables}",
      collaboration  = "LHC Higgs Cross Section Working Group",
      doi            = "10.5170/CERN-2011-002",
      year           = "2011",
      eprint         = "1101.0593",
      archivePrefix  = "arXiv",
      primaryClass   = "hep-ph",
      reportNumber   = "CERN-2011-002",
      SLACcitation   = "%%CITATION = ARXIV:1101.0593;%%"
}
@article{Anastasiou:xxx,
      author         = "Anastasiou, C. and others",
      title          = "{Handbook of LHC Higgs Cross Sections: 4. Deciphering the nature of the Higgs sector}",
      collaboration  = "LHC Higgs Cross Section Working Group",
      year           = "2016",
      eprint         = "{\it in preparation}"
}

@article{Martin:1997ns,
      author         = "Martin, Stephen P.",
      title          = "{A Supersymmetry primer}",
      year           = "1997",
      doi            = "10.1142/9789812839657_0001, 10.1142/9789814307505_0001",
      note           = "[Adv. Ser. Direct. High Energy Phys.18,1(1998)]",
      eprint         = "hep-ph/9709356",
      archivePrefix  = "arXiv",
      primaryClass   = "hep-ph",
      SLACcitation   = "%%CITATION = HEP-PH/9709356;%%"
}
@article{Brodsky:1980pb,
      author         = "Brodsky, S. J. and Hoyer, P. and Peterson, C. and Sakai,
                        N.",
      title          = "{The Intrinsic Charm of the Proton}",
      journal        = "Phys. Lett.",
      volume         = "B93",
      year           = "1980",
      pages          = "451-455",
      doi            = "10.1016/0370-2693(80)90364-0",
      reportNumber   = "NORDITA-80-18",
      SLACcitation   = "%%CITATION = PHLTA,B93,451;%%"
}
@book{Martin:1997ne,
      author         = "Martin, B. R. and Shaw, Graham",
      title          = "{Particle physics}",
      journal        = "Chichester, UK: Wiley (1997) 366 p",
      year           = "1997",
      SLACcitation   = "%%CITATION = INSPIRE-458129;%%"
}

% MSbar mass
@article{Kuhn:2007vp,
      author         = "Kuhn, Johann H. and Steinhauser, Matthias and Sturm,
                        Christian",
      title          = "{Heavy Quark Masses from Sum Rules in Four-Loop
                        Approximation}",
      journal        = "Nucl. Phys.",
      volume         = "B778",
      year           = "2007",
      pages          = "192-215",
      doi            = "10.1016/j.nuclphysb.2007.04.036",
      eprint         = "hep-ph/0702103",
      archivePrefix  = "arXiv",
      primaryClass   = "HEP-PH",
      reportNumber   = "SFB-CPP-07-03, TTP07-02",
      SLACcitation   = "%%CITATION = HEP-PH/0702103;%%"
}

% LHAPDF
@article{Buckley:2014ana,
      author         = "Buckley, Andy and Ferrando, James and Lloyd, Stephen and
                        Nordström, Karl and Page, Ben and Rüfenacht, Martin and
                        Schönherr, Marek and Watt, Graeme",
      title          = "{LHAPDF6: parton density access in the LHC precision
                        era}",
      journal        = "Eur. Phys. J.",
      volume         = "C75",
      year           = "2015",
      number         = "3",
      pages          = "132",
      doi            = "10.1140/epjc/s10052-015-3318-8",
      eprint         = "1412.7420",
      archivePrefix  = "arXiv",
      primaryClass   = "hep-ph",
      reportNumber   = "GLAS-PPE-2014-05, MCNET-14-29, IPPP-14-111, DCPT-14-222",
      SLACcitation   = "%%CITATION = ARXIV:1412.7420;%%"
}
% bbH calculations
% LO
@inproceedings{Spira:1998wh,
      author         = "Spira, Michael",
      title          = "{Higgs boson production and decay at the Tevatron}",
      booktitle      = "{Physics at Run II: Workshop on Supersymmetry / Higgs:
                        Summary Meeting Batavia, Illinois, November 19-21, 1998}",
      url            = "http://alice.cern.ch/format/showfull?sysnb=0292769",
      year           = "1998",
      eprint         = "hep-ph/9810289",
      archivePrefix  = "arXiv",
      primaryClass   = "hep-ph",
      reportNumber   = "DESY-98-159",
      SLACcitation   = "%%CITATION = HEP-PH/9810289;%%"
}
@article{Bonvini:2015pxa,
      author         = "Bonvini, Marco and Papanastasiou, Andrew S. and Tackmann,
                        Frank J.",
      title          = "{Resummation and matching of b-quark mass effects in $
                        b\overline{b}H $ production}",
      journal        = "JHEP",
      volume         = "11",
      year           = "2015",
      pages          = "196",
      doi            = "10.1007/JHEP11(2015)196",
      eprint         = "1508.03288",
      archivePrefix  = "arXiv",
      primaryClass   = "hep-ph",
      reportNumber   = "OUTP-15-16P, DESY-15-137",
      SLACcitation   = "%%CITATION = ARXIV:1508.03288;%%"
}

@article{Butterworth:2015oua,
      author         = "Butterworth, Jon and others",
      title          = "{PDF4LHC recommendations for LHC Run II}",
      journal        = "J. Phys.",
      volume         = "G43",
      year           = "2016",
      pages          = "023001",
      doi            = "10.1088/0954-3899/43/2/023001",
      eprint         = "1510.03865",
      archivePrefix  = "arXiv",
      primaryClass   = "hep-ph",
      reportNumber   = "OUTP-15-17P, SMU-HEP-15-12, TIF-UNIMI-2015-14,
                        LCTS-2015-27, CERN-PH-TH-2015-249",
      SLACcitation   = "%%CITATION = ARXIV:1510.03865;%%"
}

@article{Aad:2016naf,
      author         = "Aad, Georges and others",
      title          = "{Measurement of $W^{\pm}$ and $Z$-boson production cross
                        sections in $pp$ collisions at $\sqrt{s}=13$ TeV with the
                        ATLAS detector}",
      collaboration  = "ATLAS",
      journal        = "Phys. Lett.",
      volume         = "B759",
      year           = "2016",
      pages          = "601-621",
      doi            = "10.1016/j.physletb.2016.06.023",
      eprint         = "1603.09222",
      archivePrefix  = "arXiv",
      primaryClass   = "hep-ex",
      reportNumber   = "CERN-EP-2016-069",
      SLACcitation   = "%%CITATION = ARXIV:1603.09222;%%"
}


@article{Lim:2016wjo,
      author         = "Lim, Matthew and Maltoni, Fabio and Ridolfi, Giovanni and
                        Ubiali, Maria",
      title          = "{Anatomy of double heavy-quark initiated processes}",
      journal        = "JHEP",
      volume         = "09",
      year           = "2016",
      pages          = "132",
      doi            = "10.1007/JHEP09(2016)132",
      eprint         = "1605.09411",
      archivePrefix  = "arXiv",
      primaryClass   = "hep-ph",
      reportNumber   = "CAVENDISH-HEP-16-07, CP3-16-24",
      SLACcitation   = "%%CITATION = ARXIV:1605.09411;%%"
}

@article{Harland-Lang:2014zoa,
      author         = "Harland-Lang, L. A. and Martin, A. D. and Motylinski, P.
                        and Thorne, R. S.",
      title          = "{Parton distributions in the LHC era: MMHT 2014 PDFs}",
      journal        = "Eur. Phys. J.",
      volume         = "C75",
      year           = "2015",
      number         = "5",
      pages          = "204",
      doi            = "10.1140/epjc/s10052-015-3397-6",
      eprint         = "1412.3989",
      archivePrefix  = "arXiv",
      primaryClass   = "hep-ph",
      reportNumber   = "LCTS-2014-47, IPPP-14-97, DCPT-14-194",
      SLACcitation   = "%%CITATION = ARXIV:1412.3989;%%"
}
@article{Dulat:2015mca,
      author         = "Dulat, Sayipjamal and Hou, Tie-Jiun and Gao, Jun and
                        Guzzi, Marco and Huston, Joey and Nadolsky, Pavel and
                        Pumplin, Jon and Schmidt, Carl and Stump, Daniel and Yuan,
                        C. P.",
      title          = "{New parton distribution functions from a global analysis
                        of quantum chromodynamics}",
      journal        = "Phys. Rev.",
      volume         = "D93",
      year           = "2016",
      number         = "3",
      pages          = "033006",
      doi            = "10.1103/PhysRevD.93.033006",
      eprint         = "1506.07443",
      archivePrefix  = "arXiv",
      primaryClass   = "hep-ph",
      SLACcitation   = "%%CITATION = ARXIV:1506.07443;%%"
}


@article{Ball:2016neh,
      author         = "Ball, Richard D. and Bertone, Valerio and Bonvini, Marco
                        and Carrazza, Stefano and Forte, Stefano and Guffanti,
                        Alberto and Hartland, Nathan P. and Rojo, Juan and
                        Rottoli, Luca",
      title          = "{A Determination of the Charm Content of the Proton}",
      collaboration  = "NNPDF",
      journal        = "Eur. Phys. J.",
      volume         = "C76",
      year           = "2016",
      number         = "11",
      pages          = "647",
      doi            = "10.1140/epjc/s10052-016-4469-y",
      eprint         = "1605.06515",
      archivePrefix  = "arXiv",
      primaryClass   = "hep-ph",
      reportNumber   = "EDINBURGH-2016-06, CERN-TH-2016-087, OUTP-16-03P,
                        TIF-UNIMI-2016-3",
      SLACcitation   = "%%CITATION = ARXIV:1605.06515;%%"
}


@article{Altarelli:2008aj,
      author         = "Altarelli, Guido and Ball, Richard D. and Forte, Stefano",
      title          = "{Small x Resummation with Quarks: Deep-Inelastic
                        Scattering}",
      journal        = "Nucl. Phys.",
      volume         = "B799",
      year           = "2008",
      pages          = "199-240",
      doi            = "10.1016/j.nuclphysb.2008.03.003",
      eprint         = "0802.0032",
      archivePrefix  = "arXiv",
      primaryClass   = "hep-ph",
      reportNumber   = "CERN-PH-TH-2008-014, EDINBURGH-2007-49, IFUM-905-FT,
                        RM3-TH-08-1",
      SLACcitation   = "%%CITATION = ARXIV:0802.0032;%%"
}
@article{deFlorian:2016spz,
      author         = "de Florian, D. and others",
      title          = "{Handbook of LHC Higgs Cross Sections: 4. Deciphering the
                        Nature of the Higgs Sector}",
      collaboration  = "LHC Higgs Cross Section Working Group",
      doi            = "10.23731/CYRM-2017-002",
      year           = "2016",
      eprint         = "1610.07922",
      archivePrefix  = "arXiv",
      primaryClass   = "hep-ph",
      reportNumber   = "FERMILAB-FN-1025-T, CERN-2017-002-M",
      SLACcitation   = "%%CITATION = ARXIV:1610.07922;%%"
}

@article{Gao:2013bia,
      author         = "Gao, Jun and Nadolsky, Pavel",
      title          = "{A meta-analysis of parton distribution functions}",
      journal        = "JHEP",
      volume         = "07",
      year           = "2014",
      pages          = "035",
      doi            = "10.1007/JHEP07(2014)035",
      eprint         = "1401.0013",
      archivePrefix  = "arXiv",
      primaryClass   = "hep-ph",
      SLACcitation   = "%%CITATION = ARXIV:1401.0013;%%"
}

@article{Carrazza:2015aoa,
      author         = "Carrazza, Stefano and Forte, Stefano and Kassabov, Zahari
                        and Latorre, Jose Ignacio and Rojo, Juan",
      title          = "{An Unbiased Hessian Representation for Monte Carlo
                        PDFs}",
      journal        = "Eur. Phys. J.",
      volume         = "C75",
      year           = "2015",
      number         = "8",
      pages          = "369",
      doi            = "10.1140/epjc/s10052-015-3590-7",
      eprint         = "1505.06736",
      archivePrefix  = "arXiv",
      primaryClass   = "hep-ph",
      reportNumber   = "TIF-UNIMI-2015-1, OUTP-15-04P",
      SLACcitation   = "%%CITATION = ARXIV:1505.06736;%%"
}

@article{Watt:2012tq,
      author         = "Watt, G. and Thorne, R. S.",
      title          = "{Study of Monte Carlo approach to experimental
                        uncertainty propagation with MSTW 2008 PDFs}",
      journal        = "JHEP",
      volume         = "08",
      year           = "2012",
      pages          = "052",
      doi            = "10.1007/JHEP08(2012)052",
      eprint         = "1205.4024",
      archivePrefix  = "arXiv",
      primaryClass   = "hep-ph",
      reportNumber   = "CERN-PH-TH-2012-132, LCTS-2012-11",
      SLACcitation   = "%%CITATION = ARXIV:1205.4024;%%"
}


@article{Bonvini:2016fgf,
      author         = "Bonvini, Marco and Papanastasiou, Andrew S. and Tackmann,
                        Frank J.",
      title          = "{Matched predictions for the $ b\overline{b}H $ cross
                        section at the 13 TeV LHC}",
      journal        = "JHEP",
      volume         = "10",
      year           = "2016",
      pages          = "053",
      doi            = "10.1007/JHEP10(2016)053",
      eprint         = "1605.01733",
      archivePrefix  = "arXiv",
      primaryClass   = "hep-ph",
      reportNumber   = "OUTP-16-08P, CAVENDISH-HEP-16-06, DESY-16-076",
      SLACcitation   = "%%CITATION = ARXIV:1605.01733;%%"
}

@article{Kunszt:1984ri,
      author         = "Kunszt, Z.",
      title          = "{Associated Production of Heavy Higgs Boson with Top
                        Quarks}",
      journal        = "Nucl. Phys.",
      volume         = "B247",
      year           = "1984",
      pages          = "339",
      doi            = "10.1016/0550-3213(84)90553-4",
      reportNumber   = "BUTP-84/10-BERN",
      SLACcitation   = "%%CITATION = NUPHA,B247,339;%%"
}
@article{Dicus:1988cx,
      author         = "Dicus, Duane A. and Willenbrock, Scott",
      title          = "{Higgs Boson Production from Heavy Quark Fusion}",
      journal        = "Phys. Rev.",
      volume         = "D39",
      year           = "1989",
      pages          = "751",
      doi            = "10.1103/PhysRevD.39.751",
      reportNumber   = "MAD/PH/440",
      SLACcitation   = "%%CITATION = PHRVA,D39,751;%%"
}
@article{Tanabashi:2018oca,
      author         = "Tanabashi, M. and others",
      title          = "{Review of Particle Physics}",
      collaboration  = "Particle Data Group",
      journal        = "Phys. Rev.",
      volume         = "D98",
      year           = "2018",
      number         = "3",
      pages          = "030001",
      doi            = "10.1103/PhysRevD.98.030001",
      SLACcitation   = "%%CITATION = PHRVA,D98,030001;%%"
}
@article{Barnett:1987jw,
      author         = "Barnett, R. Michael and Haber, Howard E. and Soper,
                        Davison E.",
      title          = "{Ultraheavy Particle Production from Heavy Partons at
                        Hadron Colliders}",
      journal        = "Nucl. Phys.",
      volume         = "B306",
      year           = "1988",
      pages          = "697",
      doi            = "10.1016/0550-3213(88)90440-3",
      reportNumber   = "OITS-365",
      SLACcitation   = "%%CITATION = NUPHA,B306,697;%%"
}
% NLO 4FS
@article{Dicus:1998hs,
      author         = "Dicus, D. and Stelzer, T. and Sullivan, Z. and
                        Willenbrock, S.",
      title          = "{Higgs boson production in association with bottom quarks
                        at next-to-leading order}",
      journal        = "Phys. Rev.",
      volume         = "D59",
      year           = "1999",
      pages          = "094016",
      doi            = "10.1103/PhysRevD.59.094016",
      eprint         = "hep-ph/9811492",
      archivePrefix  = "arXiv",
      primaryClass   = "hep-ph",
      reportNumber   = "DOE-ER-40757-121, UTEXAS-HEP-98-23, ILL-TH-98-5,
                        ANL-HEP-PR-98-138, EFI-98-57",
      SLACcitation   = "%%CITATION = HEP-PH/9811492;%%"
}
% NLO 5FS
@article{Dittmaier:2003ej,
      author         = "Dittmaier, Stefan and Kramer, 1, Michael and Spira,
                        Michael",
      title          = "{Higgs radiation off bottom quarks at the Tevatron and
                        the CERN LHC}",
      journal        = "Phys. Rev.",
      volume         = "D70",
      year           = "2004",
      pages          = "074010",
      doi            = "10.1103/PhysRevD.70.074010",
      eprint         = "hep-ph/0309204",
      archivePrefix  = "arXiv",
      primaryClass   = "hep-ph",
      reportNumber   = "EDINBURGH-2003-13, MPP-2003-49, PSI-PR-03-14",
      SLACcitation   = "%%CITATION = HEP-PH/0309204;%%"
}
@article{Dittmaier:2006cz,
      author         = "Dittmaier, Stefan and Kramer, 1, Michael and Muck,
                        Alexander and Schluter, Tobias",
      title          = "{MSSM Higgs-boson production in bottom-quark fusion:
                        Electroweak radiative corrections}",
      journal        = "JHEP",
      volume         = "03",
      year           = "2007",
      pages          = "114",
      doi            = "10.1088/1126-6708/2007/03/114",
      eprint         = "hep-ph/0611353",
      archivePrefix  = "arXiv",
      primaryClass   = "hep-ph",
      reportNumber   = "MPP-2006-149, PITHA-06-11",
      SLACcitation   = "%%CITATION = HEP-PH/0611353;%%"
}
% NNLO 5FS
@article{Harlander:2003ai,
      author         = "Harlander, Robert V. and Kilgore, William B.",
      title          = "{Higgs boson production in bottom quark fusion at
                        next-to-next-to leading order}",
      journal        = "Phys. Rev.",
      volume         = "D68",
      year           = "2003",
      pages          = "013001",
      doi            = "10.1103/PhysRevD.68.013001",
      eprint         = "hep-ph/0304035",
      archivePrefix  = "arXiv",
      primaryClass   = "hep-ph",
      reportNumber   = "BNL-HET-03-4, CERN-TH-2003-067",
      SLACcitation   = "%%CITATION = HEP-PH/0304035;%%"
}
@article{Carena:2002es,
      author         = "Carena, Marcela and Haber, Howard E.",
      title          = "{Higgs boson theory and phenomenology}",
      journal        = "Prog. Part. Nucl. Phys.",
      volume         = "50",
      year           = "2003",
      pages          = "63-152",
      doi            = "10.1016/S0146-6410(02)00177-1",
      eprint         = "hep-ph/0208209",
      archivePrefix  = "arXiv",
      primaryClass   = "hep-ph",
      reportNumber   = "FERMILAB-PUB-02-114-T, SCIPP-02-07",
      SLACcitation   = "%%CITATION = HEP-PH/0208209;%%"
}
@article{Dawson:2003kb,
      author         = "Dawson, S. and Jackson, C. B. and Reina, L. and
                        Wackeroth, D.",
      title          = "{Exclusive Higgs boson production with bottom quarks
                        hadron colliders}",
      journal        = "Phys. Rev.",
      volume         = "D69",
      year           = "2004",
      pages          = "074027",
      doi            = "10.1103/PhysRevD.69.074027",
      eprint         = "hep-ph/0311067",
      archivePrefix  = "arXiv",
      primaryClass   = "hep-ph",
      reportNumber   = "BNL-HET-03-17, FSU-HEP-2003-1015, UB-HET-03-05",
      SLACcitation   = "%%CITATION = HEP-PH/0311067;%%"
}

@article{Reina:2001sf,
      author         = "Reina, L. and Dawson, S.",
      title          = "{Next-to-leading order results for t anti-t h production
                        at the Tevatron}",
      journal        = "Phys. Rev. Lett.",
      volume         = "87",
      year           = "2001",
      pages          = "201804",
      doi            = "10.1103/PhysRevLett.87.201804",
      eprint         = "hep-ph/0107101",
      archivePrefix  = "arXiv",
      primaryClass   = "hep-ph",
      reportNumber   = "FSU-HEP-2001-0601, BNL-HET-01-20",
      SLACcitation   = "%%CITATION = HEP-PH/0107101;%%"
}
@article{Reina:2001bc,
      author         = "Reina, L. and Dawson, S. and Wackeroth, D.",
      title          = "{QCD corrections to associated t anti-t h production at
                        the Tevatron}",
      journal        = "Phys. Rev.",
      volume         = "D65",
      year           = "2002",
      pages          = "053017",
      doi            = "10.1103/PhysRevD.65.053017",
      eprint         = "hep-ph/0109066",
      archivePrefix  = "arXiv",
      primaryClass   = "hep-ph",
      reportNumber   = "FSU-HEP-2001-0602, BNL-HET-01-19, UR-1639",
      SLACcitation   = "%%CITATION = HEP-PH/0109066;%%"
}
@article{Plehn:2002vy,
      author         = "Plehn, Tilman",
      title          = "{Charged Higgs boson production in bottom gluon fusion}",
      journal        = "Phys. Rev.",
      volume         = "D67",
      year           = "2003",
      pages          = "014018",
      doi            = "10.1103/PhysRevD.67.014018",
      eprint         = "hep-ph/0206121",
      archivePrefix  = "arXiv",
      primaryClass   = "hep-ph",
      reportNumber   = "MADPH-02-1275",
      SLACcitation   = "%%CITATION = HEP-PH/0206121;%%"
}

@article{Dawson:2002tg,
      author         = "Dawson, S. and Orr, L. H. and Reina, L. and Wackeroth,
                        D.",
      title          = "{Associated top quark Higgs boson production at the LHC}",
      journal        = "Phys. Rev.",
      volume         = "D67",
      year           = "2003",
      pages          = "071503",
      doi            = "10.1103/PhysRevD.67.071503",
      eprint         = "hep-ph/0211438",
      archivePrefix  = "arXiv",
      primaryClass   = "hep-ph",
      reportNumber   = "BNL-HET-02-27A, FSU-HEP-2002-1115, UB-HET-02-09",
      SLACcitation   = "%%CITATION = HEP-PH/0211438;%%"
}
@article{Beenakker:2002nc,
      author         = "Beenakker, W. and Dittmaier, S. and Kramer, M. and
                        Plumper, B. and Spira, M. and Zerwas, P. M.",
      title          = "{NLO QCD corrections to t anti-t H production in hadron
                        collisions}",
      journal        = "Nucl. Phys.",
      volume         = "B653",
      year           = "2003",
      pages          = "151-203",
      doi            = "10.1016/S0550-3213(03)00044-0",
      eprint         = "hep-ph/0211352",
      archivePrefix  = "arXiv",
      primaryClass   = "hep-ph",
      reportNumber   = "DESY-02-177, EDINBURGH-2002-18, MPI-PHT-2002-70,
                        PSI-PR-02-22",
      SLACcitation   = "%%CITATION = HEP-PH/0211352;%%"
}

@article{Maltoni:2003pn,
      author         = "Maltoni, F. and Sullivan, Z. and Willenbrock, S.",
      title          = "{Higgs-boson production via bottom-quark fusion}",
      journal        = "Phys. Rev.",
      volume         = "D67",
      year           = "2003",
      pages          = "093005",
      doi            = "10.1103/PhysRevD.67.093005",
      eprint         = "hep-ph/0301033",
      archivePrefix  = "arXiv",
      primaryClass   = "hep-ph",
      reportNumber   = "ILL-TH-02-12, RM3-TH-02-21, FERMILAB-PUB-02-341-T",
      SLACcitation   = "%%CITATION = HEP-PH/0301033;%%"
}
@inproceedings{Rainwater:2002hm,
      author         = "Rainwater, David L. and Spira, Michael and Zeppenfeld,
                        Dieter",
      title          = "{Higgs boson production at hadron colliders: Signal and
                        background processes}",
      booktitle      = "{Physics at TeV colliders. Proceedings, Euro Summer
                        School, Les Houches, France, May 21-June 1, 2001}",
      url            = "http://lss.fnal.gov/cgi-bin/find_paper.pl?conf-02-412",
      year           = "2002",
      eprint         = "hep-ph/0203187",
      archivePrefix  = "arXiv",
      primaryClass   = "hep-ph",
      reportNumber   = "FERMILAB-CONF-02-412, MAD-PH-02-1260",
      SLACcitation   = "%%CITATION = HEP-PH/0203187;%%"
}

% FONLL
@article{Cacciari:1998it,
      author         = "Cacciari, Matteo and Greco, Mario and Nason, Paolo",
      title          = "{The P(T) spectrum in heavy flavor hadroproduction}",
      journal        = "JHEP",
      volume         = "05",
      year           = "1998",
      pages          = "007",
      doi            = "10.1088/1126-6708/1998/05/007",
      eprint         = "hep-ph/9803400",
      archivePrefix  = "arXiv",
      primaryClass   = "hep-ph",
      reportNumber   = "CERN-TH-98-77, LPTHE-ORSAY-98-11, IFUM-613-FT,
                        LNF-98-008-P",
      SLACcitation   = "%%CITATION = HEP-PH/9803400;%%"
}
@article{Forte:2010ta,
      author         = "Forte, Stefano and Laenen, Eric and Nason, Paolo and
                        Rojo, Juan",
      title          = "{Heavy quarks in deep-inelastic scattering}",
      journal        = "Nucl. Phys.",
      volume         = "B834",
      year           = "2010",
      pages          = "116-162",
      doi            = "10.1016/j.nuclphysb.2010.03.014",
      eprint         = "1001.2312",
      archivePrefix  = "arXiv",
      primaryClass   = "hep-ph",
      reportNumber   = "IFUM-949-FT, NIKHEF-2010-001, ITP-UU-10-03, ITFA-2010-01",
      SLACcitation   = "%%CITATION = ARXIV:1001.2312;%%"
}
@article{Forte:2015hba,
      author         = "Forte, Stefano and Napoletano, Davide and Ubiali, Maria",
      title          = "{Higgs production in bottom-quark fusion in a matched
                        scheme}",
      journal        = "Phys. Lett.",
      volume         = "B751",
      year           = "2015",
      pages          = "331-337",
      doi            = "10.1016/j.physletb.2015.10.051",
      eprint         = "1508.01529",
      archivePrefix  = "arXiv",
      primaryClass   = "hep-ph",
      reportNumber   = "TIF-UNIMI-2015-12, CAVENDISH-HEP-15-06",
      SLACcitation   = "%%CITATION = ARXIV:1508.01529;%%"
}
@article{Forte:2016sja,
      author         = "Forte, Stefano and Napoletano, Davide and Ubiali, Maria",
      title          = "{Higgs production in bottom-quark fusion: matching beyond
                        leading order}",
      journal        = "Phys. Lett.",
      volume         = "B763",
      year           = "2016",
      pages          = "190-196",
      doi            = "10.1016/j.physletb.2016.10.040",
      eprint         = "1607.00389",
      archivePrefix  = "arXiv",
      primaryClass   = "hep-ph",
      reportNumber   = "TIF-UNIMI-2016-6, IPPP-16-61, CAVENDISH-HEP-16-11",
      SLACcitation   = "%%CITATION = ARXIV:1607.00389;%%"
}

@Misc{code,
author =   {Forte, Stefano and Napoletano, Davide and Ubiali, Maria},
title =    {bbhfonll},
howpublished = {\url{http://bbhfonll.hepforge.org/}},
year = {2017}
}

% Other schemes
@article{Olness:1987ep,
      author         = "Olness, Fredrick I. and Tung, Wu-Ki",
      title          = "{When Is a Heavy Quark Not a Parton? Charged Higgs
                        Production and Heavy Quark Mass Effects in the QCD Based
                        Parton Model}",
      booktitle      = "{In *Lake Louise 1988, Proceedings, Quantum
                        chromodynamics* 515-525 and Fermilab Batavia -
                        FERMILAB-Pub-87-221 (87,rec.Jan.88) 20 p.}",
      journal        = "Nucl. Phys.",
      volume         = "B308",
      year           = "1988",
      pages          = "813",
      doi            = "10.1016/0550-3213(88)90129-0",
      reportNumber   = "IIT-TH-87-17, FERMILAB-PUB-87-221-T",
      SLACcitation   = "%%CITATION = NUPHA,B308,813;%%"
}
@article{Aivazis:1993pi,
      author         = "Aivazis, M. A. G. and Collins, John C. and Olness,
                        Fredrick I. and Tung, Wu-Ki",
      title          = "{Leptoproduction of heavy quarks. 2. A Unified QCD
                        formulation of charged and neutral current processes from
                        fixed target to collider energies}",
      journal        = "Phys. Rev.",
      volume         = "D50",
      year           = "1994",
      pages          = "3102-3118",
      doi            = "10.1103/PhysRevD.50.3102",
      eprint         = "hep-ph/9312319",
      archivePrefix  = "arXiv",
      primaryClass   = "hep-ph",
      reportNumber   = "SMU-HEP-93-17, MSUHEP-93-17, PSU-TH-138",
      SLACcitation   = "%%CITATION = HEP-PH/9312319;%%"
}
@article{Thorne:1997ga,
      author         = "Thorne, R. S. and Roberts, R. G.",
      title          = "{An Ordered analysis of heavy flavor production in deep
                        inelastic scattering}",
      journal        = "Phys. Rev.",
      volume         = "D57",
      year           = "1998",
      pages          = "6871-6898",
      doi            = "10.1103/PhysRevD.57.6871",
      eprint         = "hep-ph/9709442",
      archivePrefix  = "arXiv",
      primaryClass   = "hep-ph",
      reportNumber   = "RAL-TR-97-049",
      SLACcitation   = "%%CITATION = HEP-PH/9709442;%%"
}
@article{Kramer:2000hn,
      author         = "Kramer, 1, Michael and Olness, Fredrick I. and Soper,
                        Davison E.",
      title          = "{Treatment of heavy quarks in deeply inelastic
                        scattering}",
      journal        = "Phys. Rev.",
      volume         = "D62",
      year           = "2000",
      pages          = "096007",
      doi            = "10.1103/PhysRevD.62.096007",
      eprint         = "hep-ph/0003035",
      archivePrefix  = "arXiv",
      primaryClass   = "hep-ph",
      reportNumber   = "EDINBURGH-2000-02",
      SLACcitation   = "%%CITATION = HEP-PH/0003035;%%"
}
@article{Buza:1995ie,
      author         = "Buza, M. and Matiounine, Y. and Smith, J. and Migneron,
                        R. and van Neerven, W. L.",
      title          = "{Heavy quark coefficient functions at asymptotic values
                        $Q^2 >> m^2$}",
      journal        = "Nucl. Phys.",
      volume         = "B472",
      year           = "1996",
      pages          = "611-658",
      doi            = "10.1016/0550-3213(96)00228-3",
      eprint         = "hep-ph/9601302",
      archivePrefix  = "arXiv",
      primaryClass   = "hep-ph",
      reportNumber   = "NIKHEF-95-070, ITP-SB-95-59, INLO-PUB-22-95",
      SLACcitation   = "%%CITATION = HEP-PH/9601302;%%"
}
@article{Buza:1996wv,
      author         = "Buza, M. and Matiounine, Y. and Smith, J. and van
                        Neerven, W. L.",
      title          = "{Charm electroproduction viewed in the variable flavor
                        number scheme versus fixed order perturbation theory}",
      journal        = "Eur. Phys. J.",
      volume         = "C1",
      year           = "1998",
      pages          = "301-320",
      doi            = "10.1007/BF01245820",
      eprint         = "hep-ph/9612398",
      archivePrefix  = "arXiv",
      primaryClass   = "hep-ph",
      reportNumber   = "NIKHEF-96-027, ITP-SB-96-66, DESY-96-258, INLO-PUB-22-96",
      SLACcitation   = "%%CITATION = HEP-PH/9612398;%%"
}
@article{Chuvakin:1999nx,
      author         = "Chuvakin, A. and Smith, J. and van Neerven, W. L.",
      title          = "{Comparison between variable flavor number schemes for
                        charm quark electroproduction}",
      journal        = "Phys. Rev.",
      volume         = "D61",
      year           = "2000",
      pages          = "096004",
      doi            = "10.1103/PhysRevD.61.096004",
      eprint         = "hep-ph/9910250",
      archivePrefix  = "arXiv",
      primaryClass   = "hep-ph",
      reportNumber   = "YITP-SB-99-15, INLO-PUB-12-99",
      SLACcitation   = "%%CITATION = HEP-PH/9910250;%%"
}
@article{Campbell:2002zm,
      author         = "Campbell, John M. and Ellis, R. Keith and Maltoni, F. and
                        Willenbrock, S.",
      title          = "{Higgs-Boson production in association with a single
                        bottom quark}",
      journal        = "Phys. Rev.",
      volume         = "D67",
      year           = "2003",
      pages          = "095002",
      doi            = "10.1103/PhysRevD.67.095002",
      eprint         = "hep-ph/0204093",
      archivePrefix  = "arXiv",
      primaryClass   = "hep-ph",
      reportNumber   = "ANL-HEP-PR-02-027, FERMILAB-PUB-02-062-T, ILL-TH-02-3",
      SLACcitation   = "%%CITATION = HEP-PH/0204093;%%"
}
@article{Boos:2003yi,
      author         = "Boos, Eduard and Plehn, Tilman",
      title          = "{Higgs boson production induced by bottom quarks}",
      journal        = "Phys. Rev.",
      volume         = "D69",
      year           = "2004",
      pages          = "094005",
      doi            = "10.1103/PhysRevD.69.094005",
      eprint         = "hep-ph/0304034",
      archivePrefix  = "arXiv",
      primaryClass   = "hep-ph",
      reportNumber   = "CERN-TH-2003-068",
      SLACcitation   = "%%CITATION = HEP-PH/0304034;%%"
}
@inproceedings{Buttar:2006zd,
      author         = "Buttar, C. and others",
      title          = "{Sect. 24 in: Les houches physics at TeV colliders 2005, standard
                        model and Higgs working group: Summary report}",
      booktitle      = "{Physics at TeV colliders. Proceedings, Workshop, Les
                        Houches, France, May 2-20, 2005}",
      year           = "2006",
      eprint         = "hep-ph/0604120",
      archivePrefix  = "arXiv",
      primaryClass   = "hep-ph",
      SLACcitation   = "%%CITATION = HEP-PH/0604120;%%"
}

@article{Cascioli:2011va,
      author         = "Cascioli, Fabio and Maierhofer, Philipp and Pozzorini,
                        Stefano",
      title          = "{Scattering Amplitudes with Open Loops}",
      journal        = "Phys. Rev. Lett.",
      volume         = "108",
      year           = "2012",
      pages          = "111601",
      doi            = "10.1103/PhysRevLett.108.111601",
      eprint         = "1111.5206",
      archivePrefix  = "arXiv",
      primaryClass   = "hep-ph",
      reportNumber   = "ZU-TH-23-11, LPN11-66",
      SLACcitation   = "%%CITATION = ARXIV:1111.5206;%%"
}
@article{Kilgore:2002sk,
      author         = "Kilgore, William B.",
      title          = "{Higgs boson production at hadron colliders}",
      booktitle      = "{High energy physics. Proceedings, 31st International
                        Conference, ICHEP 2002, Amsterdam, Netherlands, July
                        25-31, 2002}",
      year           = "2002",
      pages          = "282-284",
      doi            = "10.1016/S0920-5632(03)90546-9",
      note           = "[Nucl. Phys. Proc. Suppl.117,282(2003)]",
      eprint         = "hep-ph/0208143",
      archivePrefix  = "arXiv",
      primaryClass   = "hep-ph",
      reportNumber   = "BNL-HET-02-18",
      SLACcitation   = "%%CITATION = HEP-PH/0208143;%%"
}

@article{Gleisberg:2008ta,
      author         = "Gleisberg, T. and Hoeche, Stefan. and Krauss, F. and
                        Schonherr, M. and Schumann, S. and Siegert, F. and Winter,
                        J.",
      title          = "{Event generation with SHERPA 1.1}",
      journal        = "JHEP",
      volume         = "02",
      year           = "2009",
      pages          = "007",
      doi            = "10.1088/1126-6708/2009/02/007",
      eprint         = "0811.4622",
      archivePrefix  = "arXiv",
      primaryClass   = "hep-ph",
      reportNumber   = "FERMILAB-PUB-08-477-T, SLAC-PUB-13420, ZU-TH-17-08,
                        DCPT-08-138, IPPP-08-69, EDINBURGH-2008-30, MCNET-08-14",
      SLACcitation   = "%%CITATION = ARXIV:0811.4622;%%"
}

@article{Krauss:2017wmx,
      author         = "Krauss, Frank and Napoletano, Davide",
      title          = "{Towards a fully massive five-flavour scheme}",
      year           = "2017",
      eprint         = "1712.06832",
      archivePrefix  = "arXiv",
      primaryClass   = "hep-ph",
      SLACcitation   = "%%CITATION = ARXIV:1712.06832;%%"
}


%Santander
@article{Harlander:2011aa,
      author         = "Harlander, Robert and Kramer, Michael and Schumacher,
                        Markus",
      title          = "{Bottom-quark associated Higgs-boson production:
                        reconciling the four- and five-flavour scheme approach}",
      year           = "2011",
      eprint         = "1112.3478",
      archivePrefix  = "arXiv",
      primaryClass   = "hep-ph",
      reportNumber   = "CERN-PH-TH-2011-134, FR-PHENO-2011-009, TTK-11-17,
                        WUB-11-04",
      SLACcitation   = "%%CITATION = ARXIV:1112.3478;%%"
}
@Unpublished{LHhq,
     author    = "Rojo, J. and others",
     title     ="{Chapter 22 in: J.~R.~Andersen et al., The SM and NLO multileg working group: Summary report}",
     year      = "2010",
     note    = "arXiv:1003.1241",
     primaryClass  =  "hep-ph",
     SLACcitation  = "%%CITATION = 1003.1241;%%"
}


% choice of scale
@article{Maltoni:2012pa,
      author         = "Maltoni, Fabio and Ridolfi, Giovanni and Ubiali, Maria",
      title          = "{b-initiated processes at the LHC: a reappraisal}",
      journal        = "JHEP",
      volume         = "07",
      year           = "2012",
      pages          = "022",
      doi            = "10.1007/JHEP04(2013)095, 10.1007/JHEP07(2012)022",
      note           = "[Erratum: JHEP04,095(2013)]",
      eprint         = "1203.6393",
      archivePrefix  = "arXiv",
      primaryClass   = "hep-ph",
      reportNumber   = "CP3-12-15, TTK-12-11",
      SLACcitation   = "%%CITATION = ARXIV:1203.6393;%%"
}

@article{Ubiali:2014cva,
      author         = "Ubiali, Maria",
      title          = "{Are bottom PDFs needed at the LHC?}",
      booktitle      = "{Proceedings, 22nd International Workshop on
                        Deep-Inelastic Scattering and Related Subjects (DIS
                        2014)}",
      journal        = "PoS",
      volume         = "DIS2014",
      year           = "2014",
      pages          = "037",
      SLACcitation   = "%%CITATION = POSCI,DIS2014,037;%%"
}
@article{Ball:2015dpa,
      author         = "Ball, Richard D. and Bonvini, Marco and Rottoli, Luca",
      title          = "{Charm in Deep-Inelastic Scattering}",
      journal        = "JHEP",
      volume         = "11",
      year           = "2015",
      pages          = "122",
      doi            = "10.1007/JHEP11(2015)122",
      eprint         = "1510.02491",
      archivePrefix  = "arXiv",
      primaryClass   = "hep-ph",
      reportNumber   = "EDINBURGH-2015-06, CERN-PH-TH-2015-118, OUTP-15-25P",
      SLACcitation   = "%%CITATION = ARXIV:1510.02491;%%"
}


@article{Ball:2015tna,
      author         = "Ball, Richard D. and Bertone, Valerio and Bonvini, Marco
                        and Forte, Stefano and Groth Merrild, Patrick and Rojo,
                        Juan and Rottoli, Luca",
      title          = "{Intrinsic charm in a matched general-mass scheme}",
      journal        = "Phys. Lett.",
      volume         = "B754",
      year           = "2016",
      pages          = "49-58",
      doi            = "10.1016/j.physletb.2015.12.077",
      eprint         = "1510.00009",
      archivePrefix  = "arXiv",
      primaryClass   = "hep-ph",
      reportNumber   = "EDINBURGH-2015-06, TIF-UNIMI-2015-11, OUTP-15-20P,
                        EDINBURGH-2015-14, CERN-PH-TH-2015-176, --OUTP-15-20P",
      SLACcitation   = "%%CITATION = ARXIV:1510.00009;%%"
}
% NNPDF
@article{Ball:2014uwa,
      author         = "Ball, Richard D. and others",
      title          = "{Parton distributions for the LHC Run II}",
      collaboration  = "NNPDF",
      journal        = "JHEP",
      volume         = "04",
      year           = "2015",
      pages          = "040",
      doi            = "10.1007/JHEP04(2015)040",
      eprint         = "1410.8849",
      archivePrefix  = "arXiv",
      primaryClass   = "hep-ph",
      reportNumber   = "EDINBURGH-2014-15, IFUM-1034-FT, CERN-PH-TH-2013-253,
                        OUTP-14-11P, CAVENDISH-HEP-14-11",
      SLACcitation   = "%%CITATION = ARXIV:1410.8849;%%"
}
@article{Ball:2017nwa,
      author         = "Ball, Richard D. and others",
      title          = "{Parton distributions from high-precision collider data}",
      collaboration  = "NNPDF",
      journal        = "Eur. Phys. J.",
      volume         = "C77",
      year           = "2017",
      number         = "10",
      pages          = "663",
      doi            = "10.1140/epjc/s10052-017-5199-5",
      eprint         = "1706.00428",
      archivePrefix  = "arXiv",
      primaryClass   = "hep-ph",
      reportNumber   = "CAVENDISH-HEP-17-06, CERN-TH-2017-077, EDINBURGH-2017-08,
                        NIKHEF-2017-006, OUTP-17-04P, TIF-UNIMI-2017-3",
      SLACcitation   = "%%CITATION = ARXIV:1706.00428;%%"
}
% EXPERIMENTS

@article{Aad:2015zhl,
      author         = "Aad, Georges and others",
      title          = "{Combined Measurement of the Higgs Boson Mass in $pp$
                        Collisions at $\sqrt{s}=7$ and 8 TeV with the ATLAS and
                        CMS Experiments}",
      collaboration  = "ATLAS, CMS",
      journal        = "Phys. Rev. Lett.",
      volume         = "114",
      year           = "2015",
      pages          = "191803",
      doi            = "10.1103/PhysRevLett.114.191803",
      eprint         = "1503.07589",
      archivePrefix  = "arXiv",
      primaryClass   = "hep-ex",
      reportNumber   = "ATLAS-HIGG-2014-14, CMS-HIG-14-042, CERN-PH-EP-2015-075",
      SLACcitation   = "%%CITATION = ARXIV:1503.07589;%%"
}

@article{Wiesemann:2014ioa,
      author         = "Wiesemann, M. and Frederix, R. and Frixione, S. and
                        Hirschi, V. and Maltoni, F. and Torrielli, P.",
      title          = "{Higgs production in association with bottom quarks}",
      journal        = "JHEP",
      volume         = "02",
      year           = "2015",
      pages          = "132",
      doi            = "10.1007/JHEP02(2015)132",
      eprint         = "1409.5301",
      archivePrefix  = "arXiv",
      primaryClass   = "hep-ph",
      reportNumber   = "CERN-PH-TH-2014-182, CP3-14-64, LPN14-114, MCNET-14-20,
                        ZU-TH-33-14",
      SLACcitation   = "%%CITATION = ARXIV:1409.5301;%%"
}
% Mitov et al
@article{Bertone:2017djs,
      author         = "Bertone, Valerio and Glazov, Alexandre and Mitov,
                        Alexander and Papanastasiou, Andrew and Ubiali, Maria",
      title          = "{Heavy-flavor parton distributions without heavy-flavor
                        matching prescriptions}",
      year           = "2017",
      eprint         = "1711.03355",
      archivePrefix  = "arXiv",
      primaryClass   = "hep-ph",
      reportNumber   = "CAVENDISH-HEP-17-12, DAMTP-2017-40, DESY-17-168,
                        NIKHEF-2017-052, NSF-ITP-17-139",
      SLACcitation   = "%%CITATION = ARXIV:1711.03355;%%"
}
% Z production NNLO 5F
@article{Hamberg:1990np,
      author         = "Hamberg, R. and van Neerven, W. L. and Matsuura, T.",
      title          = "{A complete calculation of the order $\alpha_s^{2}$
                        correction to the Drell-Yan $K$ factor}",
      journal        = "Nucl. Phys.",
      volume         = "B359",
      year           = "1991",
      pages          = "343-405",
      doi            = "10.1016/S0550-3213(02)00814-3,
                        10.1016/0550-3213(91)90064-5",
      note           = "[Erratum: Nucl. Phys.B644,403(2002)]",
      reportNumber   = "DESY-90-129",
      SLACcitation   = "%%CITATION = NUPHA,B359,343;%%"
}
@article{Rijken:1995gi,
      author         = "Rijken, P. J. and van Neerven, W. L.",
      title          = "{Heavy flavor contributions to the Drell-Yan
                        cross-section}",
      journal        = "Phys. Rev.",
      volume         = "D52",
      year           = "1995",
      pages          = "149-161",
      doi            = "10.1103/PhysRevD.52.149",
      eprint         = "hep-ph/9501373",
      archivePrefix  = "arXiv",
      primaryClass   = "hep-ph",
      reportNumber   = "INLO-PUB-1-95",
      SLACcitation   = "%%CITATION = HEP-PH/9501373;%%"
}
@article{Stelzer:1997ns,
      author         = "Stelzer, T. and Sullivan, Z. and Willenbrock, S.",
      title          = "{Single top quark production via $W$ - gluon fusion at
                        next-to-leading order}",
      journal        = "Phys. Rev.",
      volume         = "D56",
      year           = "1997",
      pages          = "5919-5927",
      doi            = "10.1103/PhysRevD.56.5919",
      eprint         = "hep-ph/9705398",
      archivePrefix  = "arXiv",
      primaryClass   = "hep-ph",
      SLACcitation   = "%%CITATION = HEP-PH/9705398;%%"
}
@article{Maltoni:2005wd,
      author         = "Maltoni, Fabio and McElmurry, Thomas and Willenbrock,
                        Scott",
      title          = "{Inclusive production of a Higgs or $Z$ boson in
                        association with heavy quarks}",
      journal        = "Phys. Rev.",
      volume         = "D72",
      year           = "2005",
      pages          = "074024",
      doi            = "10.1103/PhysRevD.72.074024",
      eprint         = "hep-ph/0505014",
      archivePrefix  = "arXiv",
      primaryClass   = "hep-ph",
      reportNumber   = "CERN-PH-TH-2005-076",
      SLACcitation   = "%%CITATION = HEP-PH/0505014;%%"
}
% 4F calculations
@article{Campbell:2000bg,
      author         = "Campbell, John M. and Ellis, R. Keith",
      title          = "{Radiative corrections to Z b anti-b production}",
      journal        = "Phys. Rev.",
      volume         = "D62",
      year           = "2000",
      pages          = "114012",
      doi            = "10.1103/PhysRevD.62.114012",
      eprint         = "hep-ph/0006304",
      archivePrefix  = "arXiv",
      primaryClass   = "hep-ph",
      reportNumber   = "FERMILAB-PUB-00-145-T",
      SLACcitation   = "%%CITATION = HEP-PH/0006304;%%"
}
@article{FebresCordero:2008ci,
      author         = "Febres Cordero, F. and Reina, L. and Wackeroth, D.",
      title          = "{NLO QCD corrections to $Z b \bar{b}$ production with
                        massive bottom quarks at the Fermilab Tevatron}",
      journal        = "Phys. Rev.",
      volume         = "D78",
      year           = "2008",
      pages          = "074014",
      doi            = "10.1103/PhysRevD.78.074014",
      eprint         = "0806.0808",
      archivePrefix  = "arXiv",
      primaryClass   = "hep-ph",
      reportNumber   = "FSU-HEP-2008-0531",
      SLACcitation   = "%%CITATION = ARXIV:0806.0808;%%"
}
@article{Cordero:2009kv,
      author         = "Febres Cordero, Fernando and Reina, L. and Wackeroth, D.",
      title          = "{W- and Z-boson production with a massive bottom-quark
                        pair at the Large Hadron Collider}",
      journal        = "Phys. Rev.",
      volume         = "D80",
      year           = "2009",
      pages          = "034015",
      doi            = "10.1103/PhysRevD.80.034015",
      eprint         = "0906.1923",
      archivePrefix  = "arXiv",
      primaryClass   = "hep-ph",
      reportNumber   = "FSU-HEP-2009-0314, UCLA-09-TEP-49",
      SLACcitation   = "%%CITATION = ARXIV:0906.1923;%%"
}
@article{Frederix:2011qg,
      author         = "Frederix, Rikkert and Frixione, Stefano and Hirschi,
                        Valentin and Maltoni, Fabio and Pittau, Roberto and
                        Torrielli, Paolo",
      title          = "{W and $Z/\gamma*$ boson production in association with a
                        bottom-antibottom pair}",
      journal        = "JHEP",
      volume         = "09",
      year           = "2011",
      pages          = "061",
      doi            = "10.1007/JHEP09(2011)061",
      eprint         = "1106.6019",
      archivePrefix  = "arXiv",
      primaryClass   = "hep-ph",
      reportNumber   = "CERN-PH-TH-2011-147, CP3-11-20, NSF-KITP-11-114,
                        ZH-TH-13-11",
      SLACcitation   = "%%CITATION = ARXIV:1106.6019;%%"
}
@article{Krauss:2016orf,
      author         = "Krauss, Frank and Napoletano, Davide and Schumann,
                        Steffen",
      title          = "{Simulating $b$-associated production of $Z$ and Higgs
                        bosons with the SHERPA event generator}",
      journal        = "Phys. Rev.",
      volume         = "D95",
      year           = "2017",
      number         = "3",
      pages          = "036012",
      doi            = "10.1103/PhysRevD.95.036012",
      eprint         = "1612.04640",
      archivePrefix  = "arXiv",
      primaryClass   = "hep-ph",
      reportNumber   = "IPPP-16-121, DCPT-16-242, MCNET-16-46",
      SLACcitation   = "%%CITATION = ARXIV:1612.04640;%%"
}

@article{Alwall:2014hca,
      author         = "Alwall, J. and Frederix, R. and Frixione, S. and Hirschi,
                        V. and Maltoni, F. and Mattelaer, O. and Shao, H. -S. and
                        Stelzer, T. and Torrielli, P. and Zaro, M.",
      title          = "{The automated computation of tree-level and
                        next-to-leading order differential cross sections, and
                        their matching to parton shower simulations}",
      journal        = "JHEP",
      volume         = "07",
      year           = "2014",
      pages          = "079",
      doi            = "10.1007/JHEP07(2014)079",
      eprint         = "1405.0301",
      archivePrefix  = "arXiv",
      primaryClass   = "hep-ph",
      reportNumber   = "CERN-PH-TH-2014-064, CP3-14-18, LPN14-066, MCNET-14-09,
                        ZU-TH-14-14",
      SLACcitation   = "%%CITATION = ARXIV:1405.0301;%%"
}

@article{Bertone:2013vaa,
      author         = "Bertone, Valerio and Carrazza, Stefano and Rojo, Juan",
      title          = "{APFEL: A PDF Evolution Library with QED corrections}",
      journal        = "Comput. Phys. Commun.",
      volume         = "185",
      year           = "2014",
      pages          = "1647-1668",
      doi            = "10.1016/j.cpc.2014.03.007",
      eprint         = "1310.1394",
      archivePrefix  = "arXiv",
      primaryClass   = "hep-ph",
      reportNumber   = "IFUM-1015-FT, CERN-PH-TH-2013-209",
      SLACcitation   = "%%CITATION = ARXIV:1310.1394;%%"
}
@article{Bagnaschi:2018dnh,
      author         = "Bagnaschi, Emanuele and Maltoni, Fabio and Vicini,
                        Alessandro and Zaro, Marco",
      title          = "{Lepton-pair production in association with a $b\bar{b}$
                        pair and the determination of the $W$ boson mass}",
      year           = "2018",
      eprint         = "1803.04336",
      archivePrefix  = "arXiv",
      primaryClass   = "hep-ph",
      reportNumber   = "DESY 18-024, CP3-18-16, NIKHEF/2018-008, TIF-UNIMI
                        2018-2, DESY-18-024, CP3-18-16, NIKHEF-2018-008,
                        TIF-UNIMI-2018-2",
      SLACcitation   = "%%CITATION = ARXIV:1803.04336;%%"
}